<?xml version="1.0" encoding="UTF-8"?><collection xmlns="http://www.loc.gov/MARC21/slim"><record><leader>00690nam--2200193-i-4500</leader><controlfield tag="001">000020862</controlfield><controlfield tag="002">20161230</controlfield><controlfield tag="005">20161230201033</controlfield><controlfield tag="008">060222s1000------------r-----000-0-eng-d</controlfield><datafield ind1=" " ind2=" " tag="020"><subfield code="a">928261901x</subfield></datafield><datafield ind1=" " ind2=" " tag="080"><subfield code="a">539.166.3:539.16.07</subfield></datafield><datafield ind1="1" ind2=" " tag="100"><subfield code="a">Mac Mahon, T.D</subfield></datafield><datafield ind1="1" ind2="0" tag="245"><subfield code="a">Monitoring gamma radioactivity over large land areas using portable equipment</subfield><subfield code="c">T.d. mac mahon; p.w. gray; a.m.d'eer; a.h. naboulsi; c. koutsoyannopoulos</subfield></datafield><datafield ind1=" " ind2=" " tag="260"><subfield code="a">Luxembourg</subfield><subfield code="b">Office For Official Publications Of The European Communities</subfield><subfield code="c">1990</subfield></datafield><datafield ind1=" " ind2=" " tag="300"><subfield code="a">50p</subfield></datafield><datafield ind1=" " ind2=" " tag="490"><subfield code="a">Nuclear Science And Technology</subfield><subfield code="v">Eur 13071</subfield></datafield><datafield ind1="1" ind2=" " tag="700"><subfield code="a">Koutsoyannopoulos, C</subfield></datafield><datafield ind1=" " ind2=" " tag="852"><subfield code="a">80174</subfield><subfield code="c">539.16</subfield></datafield><datafield ind1=" " ind2=" " tag="CAT"><subfield code="a">Sys</subfield><subfield code="c">20110110</subfield><subfield code="h">145549</subfield></datafield></record></collection>